<collection xmlns="http://www.loc.gov/MARC21/slim">
<record>
  <leader>00746nam0a22002051i 450 </leader>
  <controlfield tag="001">IT\ICCU\CNCE\063139</controlfield>
  <controlfield tag="005">20060406000000.0</controlfield>
  <datafield tag="100" ind1=" " ind2=" ">
    <subfield code="a">20051220d1549        0itac0103    ba</subfield>
  </datafield>
  <datafield tag="101" ind1=" " ind2=" ">
    <subfield code="a">ITA</subfield>
  </datafield>
  <datafield tag="102" ind1=" " ind2=" ">
    <subfield code="a">IT</subfield>
  </datafield>
  <datafield tag="200" ind1="1" ind2=" ">
    <subfield code="a">\Tognin del Cresta!</subfield>
  </datafield>
  <datafield tag="210" ind1=" " ind2=" ">
    <subfield code="e">In Siena</subfield>
    <subfield code="h">1549</subfield>
  </datafield>
  <datafield tag="215" ind1=" " ind2=" ">
    <subfield code="a">8ʻ</subfield>
  </datafield>
  <datafield tag="300" ind1=" " ind2=" ">
    <subfield code="a">Per l&apos;autore cfr.: C. Valenti, Comici artigiani, Mestiere e forme dello spettacolo a Siena nella prima met ̉del Cinquecento, p. 342</subfield>
  </datafield>
  <datafield tag="620" ind1=" " ind2=" ">
    <subfield code="a">IT</subfield>
    <subfield code="d">Siena</subfield>
  </datafield>
  <datafield tag="700" ind1=" " ind2="1">
    <subfield code="a">Legacci,</subfield>
    <subfield code="b">Pierantonio</subfield>
    <subfield code="3">IT\ICCU\CNCA\016140</subfield>
  </datafield>
  <datafield tag="712" ind1="0" ind2="2">
    <subfield code="a">s.n.</subfield>
    <subfield code="3">IT\ICCU\CNCT\000002</subfield>
    <subfield code="4">650</subfield>
  </datafield>
  <datafield tag="790" ind1=" " ind2="0">
    <subfield code="a">℗Lo ℗Stricca</subfield>
    <subfield code="3">IT\ICCU\CNCA\016164</subfield>
    <subfield code="z">Legacci, Pierantonio</subfield>
  </datafield>
  <datafield tag="790" ind1=" " ind2="1">
    <subfield code="a">Stricca,</subfield>
    <subfield code="b">Pietro Antonio : dello</subfield>
    <subfield code="3">IT\ICCU\CNCA\023859</subfield>
    <subfield code="z">Legacci, Pierantonio</subfield>
  </datafield>
  <datafield tag="801" ind1=" " ind2="3">
    <subfield code="a">IT</subfield>
    <subfield code="b">ICCU</subfield>
    <subfield code="c">20201115</subfield>
  </datafield>
</record>
</collection>
